<?xml version="1.0" encoding="UTF-8"?><collection xmlns="http://www.loc.gov/MARC21/slim"><record><leader>00428nam--2200133-i-4500</leader><controlfield tag="001">000006429</controlfield><controlfield tag="002">20161230</controlfield><controlfield tag="005">20161230201026</controlfield><controlfield tag="008">060222s1000------------r-----000-0-eng-d</controlfield><datafield ind1=" " ind2=" " tag="100"><subfield code="a">Caillat, R</subfield></datafield><datafield ind1=" " ind2=" " tag="245"><subfield code="a">Les combustibles non metalliques</subfield></datafield><datafield ind1=" " ind2=" " tag="260"><subfield code="a">Vienna,Agence Intern.De L Energie Nucle.,1963. 5 P</subfield></datafield><datafield ind1=" " ind2=" " tag="490"><subfield code="a">Conference Sur La Technologie Des Matieres Nuc Leaires Nouvelles,Notamment Des Cartouche De Combus</subfield></datafield><datafield ind1=" " ind2=" " tag="852"><subfield code="a">9O21</subfield></datafield></record></collection>